@misc{Spike2:Online,
title = {Spike2 - Life sciences data acquisition \& analysis system},
year = {(aufgerufen 08.01.2019)},
howpublished = "\url{http://ced.co.uk/products/spkovin}"
}